@article{PratamaJetai2016,
  author = {Ferdian Pratama and Fulvio Mastrogiovanni and Soon Geul Lee and Nak Young Chong},
  title = {Long-term knowledge acquisition using contextual information in a memory-inspired robot architecture},
  journal = {Journal of Experimental \& Theoretical Artificial Intelligence},
  year = {2016}
}

@inproceedings{Pratamaetal2015, 
  author = {Pratama, Ferdian and Mastrogiovanni, Fulvio and Jeong, Sungmoon and Chong, Nak Young}, 
  booktitle = {Proceedings of The 24th International Symposium on Robot and Human Interactive Communication (IEEE RO-MAN 2015)}, 
  title = {Long-term knowledge acquisition in a memory-based epigenetic robot architecture for verbal interactions},
  year = {2015}
}

@inproceedings{Pratamaetal2014, 
  author = {Pratama, Ferdian and Mastrogiovanni, Fulvio and Chong, Nak Young}, 
  booktitle = {Proceedings of Joint IEEE International Conferences on Development and Learning and Epigenetic Robotics (ICDL-EPIROB 2014)}, 
  title = {An integrated epigenetic robot architecture via context-influenced long-term memory}, 
  month = {Oct},
  year = {2014}
}